<record><leader>00000cas a22000007a 4500</leader><controlfield tag="001">26368750</controlfield><controlfield tag="008">920810d19341936scuwr ne      0    0eng d</controlfield><datafield ind1=" " ind2=" " tag="010"><subfield code="a">sn 92065598 </subfield></datafield><datafield ind1=" " ind2=" " tag="040"><subfield code="a">SVN</subfield><subfield code="b">eng</subfield><subfield code="c">SVN</subfield><subfield code="d">OCLCQ</subfield></datafield><datafield ind1=" " ind2=" " tag="042"><subfield code="a">msc</subfield></datafield><datafield ind1="0" ind2=" " tag="130"><subfield code="a">Whitmire news (Whitmire, S.C. : 1934)</subfield></datafield><datafield ind1="1" ind2="4" tag="245"><subfield code="a">The Whitmire news.</subfield></datafield><datafield ind1=" " ind2=" " tag="260"><subfield code="a">Whitmire, S.C. :</subfield><subfield code="b">Armfield Bros.</subfield></datafield><datafield ind1=" " ind2=" " tag="300"><subfield code="a">v.</subfield></datafield><datafield ind1=" " ind2=" " tag="310"><subfield code="a">Weekly</subfield></datafield><datafield ind1="0" ind2=" " tag="362"><subfield code="a">Vol. 1, no. 1 (Feb. 1, 1934)-</subfield></datafield><datafield ind1="1" ind2=" " tag="362"><subfield code="a">Ceased in 1936?</subfield><subfield code="z">Moore, South Carolina Newspapers.</subfield></datafield><datafield ind1=" " ind2="4" tag="651"><subfield code="a">Newberry County (S.C.)</subfield><subfield code="v">Newspapers.</subfield></datafield><datafield ind1=" " ind2=" " tag="752"><subfield code="a">United States</subfield><subfield code="b">South Carolina</subfield><subfield code="c">Newberry</subfield><subfield code="d">Whitmire.</subfield></datafield><datafield ind1="1" ind2=" " tag="029"><subfield code="a">AU@</subfield><subfield code="b">000020750176</subfield></datafield></record>